<?xml version="1.0" encoding="UTF-8"?><collection xmlns="http://www.loc.gov/MARC21/slim"><record><leader>00455nam--2200145-i-4500</leader><controlfield tag="001">000011188</controlfield><controlfield tag="002">20161230</controlfield><controlfield tag="005">20170305204234</controlfield><controlfield tag="008">060222s1000------------r-----000-0-eng-d</controlfield><datafield ind1=" " ind2=" " tag="245"><subfield code="a">Counter-current extraction studies for the recovery of neptuniium by the purex process</subfield></datafield><datafield ind1=" " ind2=" " tag="260"><subfield code="a">Bombay</subfield><subfield code="b">Bhabha Atomic Research Centre</subfield><subfield code="c">1974</subfield></datafield><datafield ind1=" " ind2=" " tag="300"><subfield code="a">12 p.+ 11 Table + 10 Fig</subfield></datafield><datafield ind1=" " ind2=" " tag="700"><subfield code="a">Srinivasan, N</subfield></datafield><datafield ind1=" " ind2=" " tag="852"><subfield code="a">621.039.59(047.1)</subfield></datafield><datafield ind1=" " ind2=" " tag="CAT"><subfield code="a">SYS</subfield><subfield code="c">20170305</subfield><subfield code="h">204234</subfield></datafield></record></collection>